@article{Fornberg1988,
    author    = "Fornberg, B.",
    title     = " Generation of finite difference formulas on arbitrarily spaced grids",
    journal   = "Mathematics of Computation",
    volume   = "51",
    number   = "184",
    pages    = "699-706",
    year      = "1988"
}

@article{Guenter2007,
 author = {Guenter, Brian},
 title = {Efficient Symbolic Differentiation for Graphics Applications},
 journal = {ACM Trans. Graph.},
 issue_date = {July 2007},
 volume = {26},
 number = {3},
 month = jul,
 year = {2007},
 issn = {0730-0301},
 articleno = {108},
 url = {http://doi.acm.org/10.1145/1276377.1276512},
 doi = {10.1145/1276377.1276512},
 acmid = {1276512},
 publisher = {ACM},
 address = {New York, NY, USA},
 keywords = {symbolic differentiation}
} 

@article{Stan,
  author    = {Bob Carpenter and
               Matthew D. Hoffman and
               Marcus Brubaker and
               Daniel Lee and
               Peter Li and
               Michael Betancourt},
  title     = {The Stan Math Library: Reverse-Mode Automatic Differentiation in {C++}},
  journal   = {CoRR},
  volume    = {abs/1509.07164},
  year      = {2015},
  url       = {http://arxiv.org/abs/1509.07164},
  timestamp = {Thu, 01 Oct 2015 14:28:48 +0200},
  biburl    = {http://dblp.uni-trier.de/rec/bib/journals/corr/CarpenterHBLLB15},
  bibsource = {dblp computer science bibliography, http://dblp.org}
}

@software{AutoGrad,
  author = {Dougal Maclaurin and David Duvenaud and Matthew Johnson and Ryan P. Adams},
  title = {Autograd: Reverse-mode differentiation of native {P}ython},
  url = {http://github.com/HIPS/autograd},
  version = {1.1.2},
  year = {2015},
}

@Manual{SymPy,
title = {SymPy: Python library for symbolic mathematics},
author = {{SymPy Development Team}},
year = {2016},
url = {http://www.sympy.org},
}


@misc{TensorFlow,
title={{TensorFlow}: Large-Scale Machine Learning on Heterogeneous Systems},
url={http://tensorflow.org/},
note={Software available from tensorflow.org},
author={
    Mart\'{\i}n~Abadi and
    Ashish~Agarwal and
    Paul~Barham and
    Eugene~Brevdo and
    Zhifeng~Chen and
    Craig~Citro and
    Greg~S.~Corrado and
    Andy~Davis and
    Jeffrey~Dean and
    Matthieu~Devin and
    Sanjay~Ghemawat and
    Ian~Goodfellow and
    Andrew~Harp and
    Geoffrey~Irving and
    Michael~Isard and
    Yangqing Jia and
    Rafal~Jozefowicz and
    Lukasz~Kaiser and
    Manjunath~Kudlur and
    Josh~Levenberg and
    Dan~Man\'{e} and
    Rajat~Monga and
    Sherry~Moore and
    Derek~Murray and
    Chris~Olah and
    Mike~Schuster and
    Jonathon~Shlens and
    Benoit~Steiner and
    Ilya~Sutskever and
    Kunal~Talwar and
    Paul~Tucker and
    Vincent~Vanhoucke and
    Vijay~Vasudevan and
    Fernanda~Vi\'{e}gas and
    Oriol~Vinyals and
    Pete~Warden and
    Martin~Wattenberg and
    Martin~Wicke and
    Yuan~Yu and
    Xiaoqiang~Zheng},
  year={2015},
}

@ARTICLE{Theano,
   author = {{Theano Development Team}},
    title = "{Theano: A {Python} framework for fast computation of mathematical expressions}",
  journal = {arXiv e-prints},
   volume = {abs/1605.02688},
 primaryClass = "cs.SC",
 keywords = {Computer Science - Symbolic Computation, Computer Science - Learning, Computer Science - Mathematical Software},
     year = 2016,
    month = may,
      url = {http://arxiv.org/abs/1605.02688},
}

@software{Mathematica,
  author = {{Wolfram Research, Inc.}},
  title = {Mathematica 8.0},
  url = {https://www.wolfram.com},
  version = {0.8},
  date = {2010},
}
